@misc{freenotes,
  title = "The Free Lecture Notes Page",
  url="http://www.math.wisc.edu/~angenent/Free-Lecture-Notes/",
}

@misc{wiki:transcendental,
   author = "Wikipedia",
   title = "Transcendental function --- Wikipedia{,} The Free Encyclopedia",
   year = "2012",
   url = "http://en.wikipedia.org/w/index.php?title=Transcendental_function&oldid=478129834",
   note = "[Online; accessed 3-April-2012]"
}

@book{thomas,
  author    = "George B. Thomas, Jr. and Maurice D. Weir and Joel Hass",
  title     = "Thomas' Calculus",
  publisher = "Addison-Wesley",
  edition  = "12",
  year      = "2010",
  %month    = "",
  %note     = "",
}

@book{spivak,
  author    = "Michael Spivak",
  title     = "Calculus",
  publisher = "Publish or Perish, Inc.",
  edition  = "3rd",
  year      = "1994",
  %month    = "",
  %note     = "",
}

@book{pinter,
  author    = "Charles C. Pinter",
  title     = "A Book of Abstract Algebra",
  publisher = "McGraw-Hill",
  edition   = "2nd",
  year      = "1990",
  %month    = "",
  %note     = "",
}

@book{boycede,
  author    = "William E. Boyce, Richard C. DiPrima",
  title     = "Elementary Differential Equations and Boundary Value Problems",
  publisher = "Laurie Rosatone",
  edition  = "9th",
  year      = "2009",
}

@book{coddington,
  author    = "Earl A. Coddington",
  title     = "An Introduction To Ordinary Differential Equations",
  publisher = "Dover Publications",
  edition  = "",
  year      = "1989",
}

@book{mcsfull,
  author    = "Eric Lehman, F Thompson Leighton, Albert R Meyer",
  title     = "Mathematics for Computer Science",
  publisher = "MIT OpenCourseWare",
  year      = "2012",
}

@book{serway,
  author    = "Raymond A. Serway and John W. Jewett, Jr.",
  title= "Physics for Scientists and Engineers with modern physics"
  publisher = "Brooks/Cole",
  address  = "10 Davis Drive Belmont, CA 94002-3098 USA",
  edition  = "7",
  year      = "2008",
}

@book{rosen,
  author    = "Kenneth H. Rosen",
  title     = "Discrete Mathematics and Its Applications",
  publisher = "McGraw-Hill",
  edition  = "7",
  year      = "2012",
}

@book{newton,
  author    = "Sir Isaac Newton",
  title     = "The Mathematical Principles of Natural Philosophy",
  publisher = "B. Motte",
  year      = "1729",
  url = "http://books.google.com/books?id=Tm0FAAAAQAAJ",
}

@misc{britannica12,
   author = "Leonardo Pisano",
   title = "Encyclop\ae dia Britannica Online",
   year = "2012",
   url =
     "http://www.britannica.com/EBchecked/topic/336467/Leonardo-Pisano",
   note = "[Online; accessed 20-March-2012]"
}

@book{newton,
  author    = "William Lidwell, Kritina Holden, Jill Butler",
  title     = "Universal Principles of Design, Revised and Updated: 125 ways to
    Enhance Usability, Influence Perception, Increase Appeal, Make Better Design
    Decisions, and teach through Design",
  publisher = "Rockport Publishers",
  year      = "2010",
  url = "http://books.google.com/books?id=Tm0FAAAAQAAJ",
}

@misc{mwbinet,
   author = "Eric W. Weisstein",
   title = "Binet's Fibonacci Number Formula",
   year = "2012",
   url =
     "http://mathworld.wolfram.com/BinetsFibonacciNumberFormula.html",
   %note = ""
}

@misc{mwfib,
   author = "Pravin Chandra and Eric W. Weisstein",
   title = "Fibonacci Number",
   year = "2012",
   url =
     "http://mathworld.wolfram.com/FibonacciNumber.html",
   %note = ""
}

@misc{mwgolden,
   author = "Eric W. Weisstein",
   title = "Golden Ratio",
   year = "2012",
   url =
     "http://mathworld.wolfram.com/GoldenRatio.html",
   %note = ""
}

@misc{tikzunitcirc,
   author = "Supreme Aryal",
   title = "Unit circle",
   year = "2010",
   url =
     "http://www.texample.net/tikz/examples/unit-circle/",
   note = "[Online; accessed 14-April-2012]"
}

@book{gentle,
   author = "Maarten M. Fokkinga",
   title = "A Gentle Introduction to Category Theory",
   publisher = "University of Twente"
   year = "1994",
}

@book{thomas,
  author    = "George B. Thomas, Jr. and Maurice D. Weir and Joel Hass",
  title     = "Thomas' Calculus",
  publisher = "Addison-Wesley",
  edition  = "12",
  year      = "2010",
  %month    = "",
  %note     = "",
}

